@inbook{thrun2005probabilistic,
  title={Probabilistic Robotics},
  author={Thrun, Sebastian and Burgard, Wolfram and Fox, Dieter},
  year={2005},
  publisher={MIT Press},
  pages={309-336}
}

@INPROCEEDINGS{Ozaki_SII2021,
  author={Ozaki, Ryota and Kuroda, Yoji},
  booktitle={2021 IEEE/SICE International Symposium on System Integration (SII)}, 
  title={DNN-based self-attitude estimation by learning landscape information}, 
  year={2021},
  volume={},
  number={},
  pages={733-738},
  doi={10.1109/IEEECONF49454.2021.9382642}}
  
@misc{OCR_paper,
      title={Reading Text in the Wild with Convolutional Neural Networks}, 
      author={Max Jaderberg and Karen Simonyan and Andrea Vedaldi and Andrew Zisserman},
      year={2014},
      eprint={1412.1842},
      archivePrefix={arXiv},
      primaryClass={cs.CV}
}

@article{Vaganay1993MobileRA,
  title={Mobile robot attitude estimation by fusion of inertial data},
  author={J. Vaganay and M. Aldon and A. Fournier},
  journal={[1993] Proceedings IEEE International Conference on Robotics and Automation},
  year={1993},
  pages={277-282 vol.1}
}

@INPROCEEDINGS{NDT_LiDAR,
  author={Biber, P. and Strasser, W.},
  booktitle={Proceedings 2003 IEEE/RSJ International Conference on Intelligent Robots and Systems (IROS 2003) (Cat. No.03CH37453)}, 
  title={The normal distributions transform: a new approach to laser scan matching}, 
  year={2003},
  volume={3},
  number={},
  pages={2743-2748 vol.3},
  doi={10.1109/IROS.2003.1249285}}
  
 @article{ORB_SLAM,
   title={ORB-SLAM: A Versatile and Accurate Monocular SLAM System},
   volume={31},
   ISSN={1941-0468},
   url={http://dx.doi.org/10.1109/TRO.2015.2463671},
   DOI={10.1109/tro.2015.2463671},
   number={5},
   journal={IEEE Transactions on Robotics},
   publisher={Institute of Electrical and Electronics Engineers (IEEE)},
   author={Mur-Artal, Raul and Montiel, J. M. M. and Tardos, Juan D.},
   year={2015},
   month={Oct},
   pages={1147–1163}
}
@article{attitude_with_3d_map,
author = {Quddus, Mohammed and Ochieng, Washington and Noland, Robert},
year = {2007},
month = {10},
pages = {312-328},
title = {Current map-matching algorithms for transport applications: State-of-the art and future research directions},
volume = {15},
journal = {Transportation Research Part C: Emerging Technologies},
doi = {10.1016/j.trc.2007.05.002}
}

@INPROCEEDINGS{ozaki_lidar_normal,
  author={Ozaki, Ryota and Kuroda, Yoji},
  booktitle={2020 IEEE/SICE International Symposium on System Integration (SII)}, 
  title={6-DoF EKF SLAM with global planar features in artificial environments}, 
  year={2020},
  volume={},
  number={},
  pages={531-535},
  doi={10.1109/SII46433.2020.9026222}}
  
@misc{survey_dl_uncertain,
      title={A Survey of Uncertainty in Deep Neural Networks}, 
      author={Jakob Gawlikowski and Cedrique Rovile Njieutcheu Tassi and Mohsin Ali and Jongseok Lee and Matthias Humt and Jianxiang Feng and Anna Kruspe and Rudolph Triebel and Peter Jung and Ribana Roscher and Muhammad Shahzad and Wen Yang and Richard Bamler and Xiao Xiang Zhu},
      year={2021},
      eprint={2107.03342},
      archivePrefix={arXiv},
      primaryClass={cs.LG}
}

@misc{mc_dropout_yarin_gal,
      title={Dropout as a Bayesian Approximation: Representing Model Uncertainty in Deep Learning}, 
      author={Yarin Gal and Zoubin Ghahramani},
      year={2016},
      eprint={1506.02142},
      archivePrefix={arXiv},
      primaryClass={stat.ML}
}

@article{ozaki_springer,
title = "EKF-based self-attitude estimation with DNN learning landscape information",
author = "Ryota Ozaki and Yoji Kuroda",
year = "2021",
month = dec,
doi = "10.1186/s40648-021-00196-3",
language = "English",
volume = "8",
journal = "ROBOMECH Journal",
issn = "2197-4225",
publisher = "Springer International Publishing AG",
number = "1",
}

@INPROCEEDINGS{gravity_vector_estimation,
  author={Ellingson, Gary and Wingate, David and McLain, Tim},
  booktitle={2017 IEEE/RSJ International Conference on Intelligent Robots and Systems (IROS)}, 
  title={Deep visual gravity vector detection for unmanned aircraft attitude estimation}, 
  year={2017},
  volume={},
  number={},
  pages={5557-5563},
  doi={10.1109/IROS.2017.8206443}}
  
 @INPROCEEDINGS{akai_class_nn,
author = {Akai, Naoki and Hirayama, Takatsugu and Murase, H.},
year = {2021},
month = {05},
pages = {},
title = {Experimental Stability Analysis of Neural Networks in Classification Problems with Confidence Sets for Persistence Diagrams}
}

@INPROCEEDINGS{ORB_feature,
  author={Rublee, Ethan and Rabaud, Vincent and Konolige, Kurt and Bradski, Gary},
  booktitle={2011 International Conference on Computer Vision}, 
  title={ORB: An efficient alternative to SIFT or SURF}, 
  year={2011},
  volume={},
  number={},
  pages={2564-2571},
  doi={10.1109/ICCV.2011.6126544}}

@article{kuzushiji_dl,
  title={Deep Learning for Classical Japanese Literature},
  author={Tarin Clanuwat and Mikel Bober-Irizar and A. Kitamoto and Alex Lamb and Kazuaki Yamamoto and David Ha},
  journal={ArXiv},
  year={2018},
  volume={abs/1812.01718}
}

@misc{kuronet,
      title={KuroNet: Pre-Modern Japanese Kuzushiji Character Recognition with Deep Learning}, 
      author={Tarin Clanuwat and Alex Lamb and Asanobu Kitamoto},
      year={2019},
      eprint={1910.09433},
      archivePrefix={arXiv},
      primaryClass={cs.CV}
}

@misc{VGG16_paper,
      title={Very Deep Convolutional Networks for Large-Scale Image Recognition}, 
      author={Karen Simonyan and Andrew Zisserman},
      year={2015},
      eprint={1409.1556},
      archivePrefix={arXiv},
      primaryClass={cs.CV}
}

@misc{ReLU_Paper,
      title={Deep Learning using Rectified Linear Units (ReLU)}, 
      author={Abien Fred Agarap},
      year={2019},
      eprint={1803.08375},
      archivePrefix={arXiv},
      primaryClass={cs.NE}
}

@article{kalman_filter,
    Author = {Kalman, Rudolph Emil},
    Title = {A New Approach to Linear Filtering and Prediction Problems},
    Journal = {Transactions of the ASME--Journal of Basic Engineering},
    Volume = {82},
    Number = {Series D},
    Pages = {35--45},
    Year = {1960}
}

@misc{airsim_paper,
      title={AirSim: High-Fidelity Visual and Physical Simulation for Autonomous Vehicles}, 
      author={Shital Shah and Debadeepta Dey and Chris Lovett and Ashish Kapoor},
      year={2017},
      eprint={1705.05065},
      archivePrefix={arXiv},
      primaryClass={cs.RO}
}

@inproceedings{Gal2016UncertaintyID,
  title={Uncertainty in Deep Learning},
  author={Y. Gal},
  year={2016}
}

@article{H_llermeier_2021,
   title={Aleatoric and epistemic uncertainty in machine learning: an introduction to concepts and methods},
   volume={110},
   ISSN={1573-0565},
   url={http://dx.doi.org/10.1007/s10994-021-05946-3},
   DOI={10.1007/s10994-021-05946-3},
   number={3},
   journal={Machine Learning},
   publisher={Springer Science and Business Media LLC},
   author={Hüllermeier, Eyke and Waegeman, Willem},
   year={2021},
   month={Mar},
   pages={457–506}
}

@misc{ng2021reassessing,
      title={Reassessing the Limitations of CNN Methods for Camera Pose Regression}, 
      author={Tony Ng and Adrian Lopez-Rodriguez and Vassileios Balntas and Krystian Mikolajczyk},
      year={2021},
      eprint={2108.07260},
      archivePrefix={arXiv},
      primaryClass={cs.CV}
}

@misc{weko_355_1,
   author	 = {Center of Open data in Humanities},
   title	 = {Japanese Classical Books Kuzushiji Data Set}
}

@INPROCEEDINGS{9708864,
  author={Kawai, Hibiki and Yoshiuchi, Wataru and Hirakawa, Yasunori and Shibuya, Takumi and Matsuda, Takumi and Kuroda, Yoji},
  booktitle={2022 IEEE/SICE International Symposium on System Integration (SII)}, 
  title={Camera Attitude Estimation by Neural Network Using Classification Network Method Instead of Numerical Regression}, 
  year={2022},
  volume={},
  number={},
  pages={401-407},
  doi={10.1109/SII52469.2022.9708864}}
  
@article{ozaki_robosym,
author = {Ozaki, Ryota and Sugiura, Naoya and Kuroda, Yoji},
year = {2021},
month = {12},
pages = {},
title = {LiDAR DNN based self-attitude estimation with learning landscape regularities},
volume = {8},
journal = {ROBOMECH Journal},
doi = {10.1186/s40648-021-00213-5}
}

@misc{SAGATE,
  doi = {10.48550/ARXIV.2007.09183},
  
  url = {https://arxiv.org/abs/2007.09183},
  
  author = {Chen, Xiaokang and Lin, Kwan-Yee and Wang, Jingbo and Wu, Wayne and Qian, Chen and Li, Hongsheng and Zeng, Gang},
  
  keywords = {Computer Vision and Pattern Recognition (cs.CV), FOS: Computer and information sciences, FOS: Computer and information sciences},
  
  title = {Bi-directional Cross-Modality Feature Propagation with Separation-and-Aggregation Gate for RGB-D Semantic Segmentation},
  
  publisher = {arXiv},
  
  year = {2020},
  
  copyright = {arXiv.org perpetual, non-exclusive license}
}



@INPROCEEDINGS{8551554,
  author={Hu, Yaosi and Chen, Zhenzhong and Lin, Weiyao},
  booktitle={2018 IEEE International Conference on Multimedia   Expo Workshops (ICMEW)}, 
  title={RGB-D Semantic Segmentation: A Review}, 
  year={2018},
  volume={},
  number={},
  pages={1-6},
  doi={10.1109/ICMEW.2018.8551554}}
  
  @article{DBLP:journals/corr/abs-2011-06961,
  author    = {Daniel Seichter and
               Mona K{\"{o}}hler and
               Benjamin Lewandowski and
               Tim Wengefeld and
               Horst{-}Michael Gross},
  title     = {Efficient {RGB-D} Semantic Segmentation for Indoor Scene Analysis},
  journal   = {CoRR},
  volume    = {abs/2011.06961},
  year      = {2020},
  url       = {https://arxiv.org/abs/2011.06961},
  eprinttype = {arXiv},
  eprint    = {2011.06961},
  timestamp = {Wed, 18 Nov 2020 16:48:35 +0100},
  biburl    = {https://dblp.org/rec/journals/corr/abs-2011-06961.bib},
  bibsource = {dblp computer science bibliography, https://dblp.org}
}

@misc{he2015deep,
      title={Deep Residual Learning for Image Recognition}, 
      author={Kaiming He and Xiangyu Zhang and Shaoqing Ren and Jian Sun},
      year={2015},
      eprint={1512.03385},
      archivePrefix={arXiv},
      primaryClass={cs.CV}
}

@article{RGBD_1,
  author    = {Khaled El Madawy and
               Hazem Rashed and
               Ahmad El Sallab and
               Omar Nasr and
               Hanan Kamel and
               Senthil Kumar Yogamani},
  title     = {{RGB} and LiDAR fusion based 3D Semantic Segmentation for Autonomous
               Driving},
  journal   = {CoRR},
  volume    = {abs/1906.00208},
  year      = {2019},
  url       = {http://arxiv.org/abs/1906.00208},
  eprinttype = {arXiv},
  eprint    = {1906.00208}
}

@inproceedings{RGBD_2,
  title={FuseNet: Incorporating Depth into Semantic Segmentation via Fusion-Based CNN Architecture},
  author={Caner Hazirbas and Lingni Ma and Csaba Domokos and Daniel Cremers},
  booktitle={ACCV},
  year={2016}
}

@misc{google_LiDAR_camera,
  doi = {10.48550/ARXIV.2203.08195},
  
  url = {https://arxiv.org/abs/2203.08195},
  
  author = {Li, Yingwei and Yu, Adams Wei and Meng, Tianjian and Caine, Ben and Ngiam, Jiquan and Peng, Daiyi and Shen, Junyang and Wu, Bo and Lu, Yifeng and Zhou, Denny and Le, Quoc V. and Yuille, Alan and Tan, Mingxing},
  
  keywords = {Computer Vision and Pattern Recognition (cs.CV), FOS: Computer and information sciences, FOS: Computer and information sciences},
  
  title = {DeepFusion: Lidar-Camera Deep Fusion for Multi-Modal 3D Object Detection},
  
  publisher = {arXiv},
  
  year = {2022},
  
  copyright = {arXiv.org perpetual, non-exclusive license}
}

@article{DL_isnot,
  author    = {Ravid Shwartz{-}Ziv and
               Amitai Armon},
  title     = {Tabular Data: Deep Learning is Not All You Need},
  journal   = {CoRR},
  volume    = {abs/2106.03253},
  year      = {2021},
  url       = {https://arxiv.org/abs/2106.03253},
  eprinttype = {arXiv},
  eprint    = {2106.03253},
  timestamp = {Thu, 10 Jun 2021 16:34:18 +0200},
  biburl    = {https://dblp.org/rec/journals/corr/abs-2106-03253.bib},
  bibsource = {dblp computer science bibliography, https://dblp.org}
}

@article{Grad-CAM,
  author    = {Ramprasaath R. Selvaraju and
               Abhishek Das and
               Ramakrishna Vedantam and
               Michael Cogswell and
               Devi Parikh and
               Dhruv Batra},
  title     = {Grad-CAM: Why did you say that? Visual Explanations from Deep Networks
               via Gradient-based Localization},
  journal   = {CoRR},
  volume    = {abs/1610.02391},
  year      = {2016},
  url       = {http://arxiv.org/abs/1610.02391},
  eprinttype = {arXiv},
  eprint    = {1610.02391},
  timestamp = {Mon, 13 Aug 2018 16:46:58 +0200},
  biburl    = {https://dblp.org/rec/journals/corr/SelvarajuDVCPB16.bib},
  bibsource = {dblp computer science bibliography, https://dblp.org}
}

@INPROCEEDINGS{SLAM_fail,
  author={Wolf, D. and Sukhatme, G.S.},
  booktitle={IEEE International Conference on Robotics and Automation, 2004. Proceedings. ICRA '04. 2004}, 
  title={Online simultaneous localization and mapping in dynamic environments}, 
  year={2004},
  volume={2},
  number={},
  pages={1301-1307 Vol.2},
  doi={10.1109/ROBOT.2004.1308004}}